<?xml version="1.0" encoding="UTF-8"?><collection xmlns="http://www.loc.gov/MARC21/slim"><record><leader>00348nam--2200133-i-4500</leader><controlfield tag="001">000015944</controlfield><controlfield tag="002">20161230</controlfield><controlfield tag="005">20161230201031</controlfield><controlfield tag="008">060222s1000------------r-----000-0-eng-d</controlfield><datafield ind1=" " ind2=" " tag="080"><subfield code="a">530.12</subfield></datafield><datafield ind1=" " ind2=" " tag="100"><subfield code="a">Born, Max Si Biem, Walter</subfield></datafield><datafield ind1=" " ind2=" " tag="245"><subfield code="a">Teoria relativitatii a lui einstein</subfield></datafield><datafield ind1=" " ind2=" " tag="260"><subfield code="a">Bucuresti, Editura Stiintifica, 1960, 415 P</subfield></datafield><datafield ind1=" " ind2=" " tag="852"><subfield code="a">30455</subfield></datafield></record></collection>